%YAML 1.1
%TAG !u! tag:unity3d.com,2011:
--- !u!1 &671064747
GameObject:
  m_ObjectHideFlags: 0
  m_CorrespondingSourceObject: {fileID: 0}
  m_PrefabInstance: {fileID: 0}
  m_PrefabAsset: {fileID: 0}
  serializedVersion: 6
  m_Component:
  - component: {fileID: 671064748}
  m_Layer: 0
  m_Name: Inventory Anchor
  m_TagString: Untagged
  m_Icon: {fileID: 0}
  m_NavMeshLayer: 0
  m_StaticEditorFlags: 0
  m_IsActive: 1
--- !u!4 &671064748
Transform:
  m_ObjectHideFlags: 0
  m_CorrespondingSourceObject: {fileID: 0}
  m_PrefabInstance: {fileID: 0}
  m_PrefabAsset: {fileID: 0}
  m_GameObject: {fileID: 671064747}
  m_LocalRotation: {x: 0, y: 0, z: 0, w: 1}
  m_LocalPosition: {x: 0, y: 0, z: 3.28}
  m_LocalScale: {x: 1, y: 1, z: 1}
  m_ConstrainProportionsScale: 0
  m_Children: []
  m_Father: {fileID: 3141560509351083104}
  m_RootOrder: -1
  m_LocalEulerAnglesHint: {x: 0, y: 0, z: 0}
--- !u!1001 &3141560507531652268
PrefabInstance:
  m_ObjectHideFlags: 0
  serializedVersion: 2
  m_Modification:
    serializedVersion: 2
    m_TransformParent: {fileID: 0}
    m_Modifications:
    - target: {fileID: 100008, guid: ce816f2e6abb0504092c23ed9b970dfd, type: 3}
      propertyPath: m_Name
      value: OVRPlayerController_Cubes
      objectReference: {fileID: 0}
    - target: {fileID: 100008, guid: ce816f2e6abb0504092c23ed9b970dfd, type: 3}
      propertyPath: m_IsActive
      value: 1
      objectReference: {fileID: 0}
    - target: {fileID: 400002, guid: ce816f2e6abb0504092c23ed9b970dfd, type: 3}
      propertyPath: m_LocalPosition.y
      value: 1
      objectReference: {fileID: 0}
    - target: {fileID: 400006, guid: ce816f2e6abb0504092c23ed9b970dfd, type: 3}
      propertyPath: m_RootOrder
      value: 4
      objectReference: {fileID: 0}
    - target: {fileID: 400006, guid: ce816f2e6abb0504092c23ed9b970dfd, type: 3}
      propertyPath: m_LocalPosition.x
      value: 0
      objectReference: {fileID: 0}
    - target: {fileID: 400006, guid: ce816f2e6abb0504092c23ed9b970dfd, type: 3}
      propertyPath: m_LocalPosition.y
      value: 0
      objectReference: {fileID: 0}
    - target: {fileID: 400006, guid: ce816f2e6abb0504092c23ed9b970dfd, type: 3}
      propertyPath: m_LocalPosition.z
      value: 0
      objectReference: {fileID: 0}
    - target: {fileID: 400006, guid: ce816f2e6abb0504092c23ed9b970dfd, type: 3}
      propertyPath: m_LocalRotation.w
      value: 1
      objectReference: {fileID: 0}
    - target: {fileID: 400006, guid: ce816f2e6abb0504092c23ed9b970dfd, type: 3}
      propertyPath: m_LocalRotation.x
      value: 0
      objectReference: {fileID: 0}
    - target: {fileID: 400006, guid: ce816f2e6abb0504092c23ed9b970dfd, type: 3}
      propertyPath: m_LocalRotation.y
      value: 0
      objectReference: {fileID: 0}
    - target: {fileID: 400006, guid: ce816f2e6abb0504092c23ed9b970dfd, type: 3}
      propertyPath: m_LocalRotation.z
      value: 0
      objectReference: {fileID: 0}
    - target: {fileID: 400008, guid: ce816f2e6abb0504092c23ed9b970dfd, type: 3}
      propertyPath: m_LocalPosition.y
      value: 0.322
      objectReference: {fileID: 0}
    - target: {fileID: 11400010, guid: ce816f2e6abb0504092c23ed9b970dfd, type: 3}
      propertyPath: useProfileData
      value: 0
      objectReference: {fileID: 0}
    m_RemovedComponents: []
    m_AddedGameObjects:
    - targetCorrespondingSourceObject: {fileID: 477154, guid: ce816f2e6abb0504092c23ed9b970dfd, type: 3}
      insertIndex: -1
      addedObject: {fileID: 3141560509351083104}
    - targetCorrespondingSourceObject: {fileID: 481164, guid: ce816f2e6abb0504092c23ed9b970dfd, type: 3}
      insertIndex: -1
      addedObject: {fileID: 3141560509288949830}
  m_SourcePrefab: {fileID: 100100000, guid: ce816f2e6abb0504092c23ed9b970dfd, type: 3}
--- !u!4 &3140964196577524198 stripped
Transform:
  m_CorrespondingSourceObject: {fileID: 4471613377008970, guid: ce816f2e6abb0504092c23ed9b970dfd, type: 3}
  m_PrefabInstance: {fileID: 3141560507531652268}
  m_PrefabAsset: {fileID: 0}
--- !u!4 &3141245303709046696 stripped
Transform:
  m_CorrespondingSourceObject: {fileID: 4188412984752900, guid: ce816f2e6abb0504092c23ed9b970dfd, type: 3}
  m_PrefabInstance: {fileID: 3141560507531652268}
  m_PrefabAsset: {fileID: 0}
--- !u!1 &3141560507531553282 stripped
GameObject:
  m_CorrespondingSourceObject: {fileID: 100014, guid: ce816f2e6abb0504092c23ed9b970dfd, type: 3}
  m_PrefabInstance: {fileID: 3141560507531652268}
  m_PrefabAsset: {fileID: 0}
--- !u!20 &2017707752
Camera:
  m_ObjectHideFlags: 0
  m_CorrespondingSourceObject: {fileID: 0}
  m_PrefabInstance: {fileID: 0}
  m_PrefabAsset: {fileID: 0}
  m_GameObject: {fileID: 3141560507531553282}
  m_Enabled: 0
  serializedVersion: 2
  m_ClearFlags: 1
  m_BackGroundColor: {r: 0.19215687, g: 0.3019608, b: 0.4745098, a: 0}
  m_projectionMatrixMode: 1
  m_GateFitMode: 2
  m_FOVAxisMode: 0
  m_SensorSize: {x: 36, y: 24}
  m_LensShift: {x: 0, y: 0}
  m_FocalLength: 50
  m_NormalizedViewPortRect:
    serializedVersion: 2
    x: 0
    y: 0
    width: 1
    height: 1
  near clip plane: 0.3
  far clip plane: 1000
  field of view: 60
  orthographic: 0
  orthographic size: 5
  m_Depth: 0
  m_CullingMask:
    serializedVersion: 2
    m_Bits: 4294967295
  m_RenderingPath: -1
  m_TargetTexture: {fileID: 0}
  m_TargetDisplay: 0
  m_TargetEye: 2
  m_HDR: 0
  m_AllowMSAA: 1
  m_AllowDynamicResolution: 0
  m_ForceIntoRT: 0
  m_OcclusionCulling: 1
  m_StereoConvergence: 10
  m_StereoSeparation: 0.022
--- !u!1 &3141560507531553284 stripped
GameObject:
  m_CorrespondingSourceObject: {fileID: 100008, guid: ce816f2e6abb0504092c23ed9b970dfd, type: 3}
  m_PrefabInstance: {fileID: 3141560507531652268}
  m_PrefabAsset: {fileID: 0}
--- !u!1 &3141560507531553286 stripped
GameObject:
  m_CorrespondingSourceObject: {fileID: 100010, guid: ce816f2e6abb0504092c23ed9b970dfd, type: 3}
  m_PrefabInstance: {fileID: 3141560507531652268}
  m_PrefabAsset: {fileID: 0}
--- !u!20 &59185988
Camera:
  m_ObjectHideFlags: 0
  m_CorrespondingSourceObject: {fileID: 0}
  m_PrefabInstance: {fileID: 0}
  m_PrefabAsset: {fileID: 0}
  m_GameObject: {fileID: 3141560507531553286}
  m_Enabled: 0
  serializedVersion: 2
  m_ClearFlags: 1
  m_BackGroundColor: {r: 0.19215687, g: 0.3019608, b: 0.4745098, a: 0}
  m_projectionMatrixMode: 1
  m_GateFitMode: 2
  m_FOVAxisMode: 0
  m_SensorSize: {x: 36, y: 24}
  m_LensShift: {x: 0, y: 0}
  m_FocalLength: 50
  m_NormalizedViewPortRect:
    serializedVersion: 2
    x: 0
    y: 0
    width: 1
    height: 1
  near clip plane: 0.3
  far clip plane: 1000
  field of view: 60
  orthographic: 0
  orthographic size: 5
  m_Depth: 0
  m_CullingMask:
    serializedVersion: 2
    m_Bits: 4294967295
  m_RenderingPath: -1
  m_TargetTexture: {fileID: 0}
  m_TargetDisplay: 0
  m_TargetEye: 1
  m_HDR: 0
  m_AllowMSAA: 1
  m_AllowDynamicResolution: 0
  m_ForceIntoRT: 0
  m_OcclusionCulling: 1
  m_StereoConvergence: 10
  m_StereoSeparation: 0.022
--- !u!1 &3141560507531753646 stripped
GameObject:
  m_CorrespondingSourceObject: {fileID: 168962, guid: ce816f2e6abb0504092c23ed9b970dfd, type: 3}
  m_PrefabInstance: {fileID: 3141560507531652268}
  m_PrefabAsset: {fileID: 0}
--- !u!54 &59185987
Rigidbody:
  m_ObjectHideFlags: 0
  m_CorrespondingSourceObject: {fileID: 0}
  m_PrefabInstance: {fileID: 0}
  m_PrefabAsset: {fileID: 0}
  m_GameObject: {fileID: 3141560507531753646}
  serializedVersion: 2
  m_Mass: 1
  m_Drag: 0
  m_AngularDrag: 0.05
  m_UseGravity: 0
  m_IsKinematic: 1
  m_Interpolate: 0
  m_Constraints: 0
  m_CollisionDetection: 0
--- !u!135 &59185990
SphereCollider:
  m_ObjectHideFlags: 0
  m_CorrespondingSourceObject: {fileID: 0}
  m_PrefabInstance: {fileID: 0}
  m_PrefabAsset: {fileID: 0}
  m_GameObject: {fileID: 3141560507531753646}
  m_Material: {fileID: 0}
  m_IsTrigger: 1
  m_Enabled: 1
  serializedVersion: 2
  m_Radius: 0.5
  m_Center: {x: 0, y: 0, z: 0}
--- !u!114 &59185986
MonoBehaviour:
  m_ObjectHideFlags: 0
  m_CorrespondingSourceObject: {fileID: 0}
  m_PrefabInstance: {fileID: 0}
  m_PrefabAsset: {fileID: 0}
  m_GameObject: {fileID: 3141560507531753646}
  m_Enabled: 1
  m_EditorHideFlags: 0
  m_Script: {fileID: 11500000, guid: fd425c2d06f39bf4899d07c05d0f10eb, type: 3}
  m_Name: 
  m_EditorClassIdentifier: 
  grabBegin: 0.55
  grabEnd: 0.35
  m_parentHeldObject: 1
  m_moveHandPosition: 0
  m_gripTransform: {fileID: 3141245303709046696}
  m_grabVolumes:
  - {fileID: 59185990}
  m_controller: 1
  m_parentTransform: {fileID: 0}
  m_player: {fileID: 3141560507531553284}
--- !u!1 &3141560507531780438 stripped
GameObject:
  m_CorrespondingSourceObject: {fileID: 134650, guid: ce816f2e6abb0504092c23ed9b970dfd, type: 3}
  m_PrefabInstance: {fileID: 3141560507531652268}
  m_PrefabAsset: {fileID: 0}
--- !u!54 &59185985
Rigidbody:
  m_ObjectHideFlags: 0
  m_CorrespondingSourceObject: {fileID: 0}
  m_PrefabInstance: {fileID: 0}
  m_PrefabAsset: {fileID: 0}
  m_GameObject: {fileID: 3141560507531780438}
  serializedVersion: 2
  m_Mass: 1
  m_Drag: 0
  m_AngularDrag: 0.05
  m_UseGravity: 0
  m_IsKinematic: 1
  m_Interpolate: 0
  m_Constraints: 0
  m_CollisionDetection: 0
--- !u!135 &59185989
SphereCollider:
  m_ObjectHideFlags: 0
  m_CorrespondingSourceObject: {fileID: 0}
  m_PrefabInstance: {fileID: 0}
  m_PrefabAsset: {fileID: 0}
  m_GameObject: {fileID: 3141560507531780438}
  m_Material: {fileID: 0}
  m_IsTrigger: 1
  m_Enabled: 1
  serializedVersion: 2
  m_Radius: 0.5
  m_Center: {x: 0, y: 0, z: 0}
--- !u!114 &59185984
MonoBehaviour:
  m_ObjectHideFlags: 0
  m_CorrespondingSourceObject: {fileID: 0}
  m_PrefabInstance: {fileID: 0}
  m_PrefabAsset: {fileID: 0}
  m_GameObject: {fileID: 3141560507531780438}
  m_Enabled: 1
  m_EditorHideFlags: 0
  m_Script: {fileID: 11500000, guid: fd425c2d06f39bf4899d07c05d0f10eb, type: 3}
  m_Name: 
  m_EditorClassIdentifier: 
  grabBegin: 0.55
  grabEnd: 0.35
  m_parentHeldObject: 1
  m_moveHandPosition: 0
  m_gripTransform: {fileID: 3140964196577524198}
  m_grabVolumes:
  - {fileID: 59185989}
  m_controller: 2
  m_parentTransform: {fileID: 0}
  m_player: {fileID: 3141560507531553284}
--- !u!4 &3141560507531963214 stripped
Transform:
  m_CorrespondingSourceObject: {fileID: 477154, guid: ce816f2e6abb0504092c23ed9b970dfd, type: 3}
  m_PrefabInstance: {fileID: 3141560507531652268}
  m_PrefabAsset: {fileID: 0}
--- !u!4 &3141560507531967264 stripped
Transform:
  m_CorrespondingSourceObject: {fileID: 481164, guid: ce816f2e6abb0504092c23ed9b970dfd, type: 3}
  m_PrefabInstance: {fileID: 3141560507531652268}
  m_PrefabAsset: {fileID: 0}
--- !u!1001 &3141560509289421478
PrefabInstance:
  m_ObjectHideFlags: 0
  serializedVersion: 2
  m_Modification:
    serializedVersion: 2
    m_TransformParent: {fileID: 3141560507531967264}
    m_Modifications:
    - target: {fileID: 112276, guid: d9809c5e8418bb047bf2c8ba1d1a2cec, type: 3}
      propertyPath: m_Name
      value: OVRControllerPrefab
      objectReference: {fileID: 0}
    - target: {fileID: 488160, guid: d9809c5e8418bb047bf2c8ba1d1a2cec, type: 3}
      propertyPath: m_RootOrder
      value: 0
      objectReference: {fileID: 0}
    - target: {fileID: 488160, guid: d9809c5e8418bb047bf2c8ba1d1a2cec, type: 3}
      propertyPath: m_LocalPosition.x
      value: 0
      objectReference: {fileID: 0}
    - target: {fileID: 488160, guid: d9809c5e8418bb047bf2c8ba1d1a2cec, type: 3}
      propertyPath: m_LocalPosition.y
      value: 0
      objectReference: {fileID: 0}
    - target: {fileID: 488160, guid: d9809c5e8418bb047bf2c8ba1d1a2cec, type: 3}
      propertyPath: m_LocalPosition.z
      value: 0
      objectReference: {fileID: 0}
    - target: {fileID: 488160, guid: d9809c5e8418bb047bf2c8ba1d1a2cec, type: 3}
      propertyPath: m_LocalRotation.w
      value: 1
      objectReference: {fileID: 0}
    - target: {fileID: 488160, guid: d9809c5e8418bb047bf2c8ba1d1a2cec, type: 3}
      propertyPath: m_LocalRotation.x
      value: -0
      objectReference: {fileID: 0}
    - target: {fileID: 488160, guid: d9809c5e8418bb047bf2c8ba1d1a2cec, type: 3}
      propertyPath: m_LocalRotation.y
      value: -0
      objectReference: {fileID: 0}
    - target: {fileID: 488160, guid: d9809c5e8418bb047bf2c8ba1d1a2cec, type: 3}
      propertyPath: m_LocalRotation.z
      value: -0
      objectReference: {fileID: 0}
    - target: {fileID: 488160, guid: d9809c5e8418bb047bf2c8ba1d1a2cec, type: 3}
      propertyPath: m_LocalEulerAnglesHint.x
      value: 0
      objectReference: {fileID: 0}
    - target: {fileID: 488160, guid: d9809c5e8418bb047bf2c8ba1d1a2cec, type: 3}
      propertyPath: m_LocalEulerAnglesHint.y
      value: 0
      objectReference: {fileID: 0}
    - target: {fileID: 488160, guid: d9809c5e8418bb047bf2c8ba1d1a2cec, type: 3}
      propertyPath: m_LocalEulerAnglesHint.z
      value: 0
      objectReference: {fileID: 0}
    - target: {fileID: 11479374, guid: d9809c5e8418bb047bf2c8ba1d1a2cec, type: 3}
      propertyPath: m_controller
      value: 2
      objectReference: {fileID: 0}
    - target: {fileID: 2114446122515498513, guid: d9809c5e8418bb047bf2c8ba1d1a2cec, type: 3}
      propertyPath: m_LocalRotation.z
      value: 0.7041405
      objectReference: {fileID: 0}
    - target: {fileID: 2114446122515498517, guid: d9809c5e8418bb047bf2c8ba1d1a2cec, type: 3}
      propertyPath: m_LocalRotation.w
      value: -0.45214626
      objectReference: {fileID: 0}
    - target: {fileID: 2114446122515498517, guid: d9809c5e8418bb047bf2c8ba1d1a2cec, type: 3}
      propertyPath: m_LocalRotation.x
      value: 0.5436577
      objectReference: {fileID: 0}
    - target: {fileID: 2114446122515498517, guid: d9809c5e8418bb047bf2c8ba1d1a2cec, type: 3}
      propertyPath: m_LocalRotation.y
      value: -0.54364884
      objectReference: {fileID: 0}
    - target: {fileID: 2114446122515498517, guid: d9809c5e8418bb047bf2c8ba1d1a2cec, type: 3}
      propertyPath: m_LocalRotation.z
      value: -0.45215714
      objectReference: {fileID: 0}
    - target: {fileID: 2774251407684675048, guid: d9809c5e8418bb047bf2c8ba1d1a2cec, type: 3}
      propertyPath: m_LocalRotation.w
      value: 0.5436577
      objectReference: {fileID: 0}
    - target: {fileID: 2774251407684675048, guid: d9809c5e8418bb047bf2c8ba1d1a2cec, type: 3}
      propertyPath: m_LocalRotation.x
      value: 0.45214626
      objectReference: {fileID: 0}
    - target: {fileID: 2774251407684675048, guid: d9809c5e8418bb047bf2c8ba1d1a2cec, type: 3}
      propertyPath: m_LocalRotation.y
      value: -0.45215714
      objectReference: {fileID: 0}
    - target: {fileID: 2774251407684675048, guid: d9809c5e8418bb047bf2c8ba1d1a2cec, type: 3}
      propertyPath: m_LocalRotation.z
      value: 0.54364884
      objectReference: {fileID: 0}
    - target: {fileID: 2774251407684675052, guid: d9809c5e8418bb047bf2c8ba1d1a2cec, type: 3}
      propertyPath: m_LocalRotation.w
      value: 0.7041405
      objectReference: {fileID: 0}
    - target: {fileID: 2774251407684675052, guid: d9809c5e8418bb047bf2c8ba1d1a2cec, type: 3}
      propertyPath: m_LocalRotation.x
      value: -0.06470143
      objectReference: {fileID: 0}
    - target: {fileID: 2774251407684675052, guid: d9809c5e8418bb047bf2c8ba1d1a2cec, type: 3}
      propertyPath: m_LocalRotation.z
      value: -0.06470141
      objectReference: {fileID: 0}
    - target: {fileID: 3092784099471453341, guid: d9809c5e8418bb047bf2c8ba1d1a2cec, type: 3}
      propertyPath: m_LocalRotation.x
      value: -0.000000013295001
      objectReference: {fileID: 0}
    - target: {fileID: 3092784099471453341, guid: d9809c5e8418bb047bf2c8ba1d1a2cec, type: 3}
      propertyPath: m_LocalRotation.y
      value: 0
      objectReference: {fileID: 0}
    - target: {fileID: 3092784099471453341, guid: d9809c5e8418bb047bf2c8ba1d1a2cec, type: 3}
      propertyPath: m_LocalRotation.z
      value: -0.0000000018992858
      objectReference: {fileID: 0}
    - target: {fileID: 4828818719732838804, guid: d9809c5e8418bb047bf2c8ba1d1a2cec, type: 3}
      propertyPath: m_LocalRotation.x
      value: -0.000000013295001
      objectReference: {fileID: 0}
    - target: {fileID: 4828818719732838804, guid: d9809c5e8418bb047bf2c8ba1d1a2cec, type: 3}
      propertyPath: m_LocalRotation.y
      value: 0
      objectReference: {fileID: 0}
    - target: {fileID: 4828818719732838804, guid: d9809c5e8418bb047bf2c8ba1d1a2cec, type: 3}
      propertyPath: m_LocalRotation.z
      value: 0.0000000037985717
      objectReference: {fileID: 0}
    - target: {fileID: 5342833014125283335, guid: d9809c5e8418bb047bf2c8ba1d1a2cec, type: 3}
      propertyPath: m_LocalRotation.w
      value: 0.9999999
      objectReference: {fileID: 0}
    - target: {fileID: 5342833014125283335, guid: d9809c5e8418bb047bf2c8ba1d1a2cec, type: 3}
      propertyPath: m_LocalRotation.x
      value: 0.000015465586
      objectReference: {fileID: 0}
    - target: {fileID: 5342833014125283335, guid: d9809c5e8418bb047bf2c8ba1d1a2cec, type: 3}
      propertyPath: m_LocalRotation.y
      value: 0.00008451773
      objectReference: {fileID: 0}
    - target: {fileID: 5342833014125283335, guid: d9809c5e8418bb047bf2c8ba1d1a2cec, type: 3}
      propertyPath: m_LocalRotation.z
      value: 0.0005570275
      objectReference: {fileID: 0}
    - target: {fileID: 6842672401467845017, guid: d9809c5e8418bb047bf2c8ba1d1a2cec, type: 3}
      propertyPath: m_LocalRotation.x
      value: -0.000000001901585
      objectReference: {fileID: 0}
    - target: {fileID: 6842672401467845017, guid: d9809c5e8418bb047bf2c8ba1d1a2cec, type: 3}
      propertyPath: m_LocalRotation.y
      value: 0.0000000057047544
      objectReference: {fileID: 0}
    - target: {fileID: 6842672401467845017, guid: d9809c5e8418bb047bf2c8ba1d1a2cec, type: 3}
      propertyPath: m_LocalRotation.z
      value: 0.00000000380317
      objectReference: {fileID: 0}
    - target: {fileID: 6871378272463734981, guid: d9809c5e8418bb047bf2c8ba1d1a2cec, type: 3}
      propertyPath: m_LocalRotation.w
      value: 0.99999684
      objectReference: {fileID: 0}
    - target: {fileID: 6871378272463734981, guid: d9809c5e8418bb047bf2c8ba1d1a2cec, type: 3}
      propertyPath: m_LocalRotation.x
      value: -0.002132043
      objectReference: {fileID: 0}
    - target: {fileID: 6871378272463734981, guid: d9809c5e8418bb047bf2c8ba1d1a2cec, type: 3}
      propertyPath: m_LocalRotation.y
      value: -0.000059342994
      objectReference: {fileID: 0}
    - target: {fileID: 6871378272463734981, guid: d9809c5e8418bb047bf2c8ba1d1a2cec, type: 3}
      propertyPath: m_LocalRotation.z
      value: 0.0013891249
      objectReference: {fileID: 0}
    - target: {fileID: 8099925678330418019, guid: d9809c5e8418bb047bf2c8ba1d1a2cec, type: 3}
      propertyPath: m_LocalRotation.w
      value: -0.43949628
      objectReference: {fileID: 0}
    - target: {fileID: 8099925678330418019, guid: d9809c5e8418bb047bf2c8ba1d1a2cec, type: 3}
      propertyPath: m_LocalRotation.x
      value: 0.4921589
      objectReference: {fileID: 0}
    m_RemovedComponents: []
    m_AddedGameObjects: []
  m_SourcePrefab: {fileID: 100100000, guid: d9809c5e8418bb047bf2c8ba1d1a2cec, type: 3}
--- !u!4 &3141560509288949830 stripped
Transform:
  m_CorrespondingSourceObject: {fileID: 488160, guid: d9809c5e8418bb047bf2c8ba1d1a2cec, type: 3}
  m_PrefabInstance: {fileID: 3141560509289421478}
  m_PrefabAsset: {fileID: 0}
--- !u!1001 &3141560509351022208
PrefabInstance:
  m_ObjectHideFlags: 0
  serializedVersion: 2
  m_Modification:
    serializedVersion: 2
    m_TransformParent: {fileID: 3141560507531963214}
    m_Modifications:
    - target: {fileID: 112276, guid: d9809c5e8418bb047bf2c8ba1d1a2cec, type: 3}
      propertyPath: m_Name
      value: OVRControllerPrefab
      objectReference: {fileID: 0}
    - target: {fileID: 488160, guid: d9809c5e8418bb047bf2c8ba1d1a2cec, type: 3}
      propertyPath: m_RootOrder
      value: -1
      objectReference: {fileID: 0}
    - target: {fileID: 488160, guid: d9809c5e8418bb047bf2c8ba1d1a2cec, type: 3}
      propertyPath: m_LocalScale.x
      value: 0.1
      objectReference: {fileID: 0}
    - target: {fileID: 488160, guid: d9809c5e8418bb047bf2c8ba1d1a2cec, type: 3}
      propertyPath: m_LocalScale.y
      value: 0.1
      objectReference: {fileID: 0}
    - target: {fileID: 488160, guid: d9809c5e8418bb047bf2c8ba1d1a2cec, type: 3}
      propertyPath: m_LocalScale.z
      value: 0.1
      objectReference: {fileID: 0}
    - target: {fileID: 488160, guid: d9809c5e8418bb047bf2c8ba1d1a2cec, type: 3}
      propertyPath: m_LocalPosition.x
      value: 0
      objectReference: {fileID: 0}
    - target: {fileID: 488160, guid: d9809c5e8418bb047bf2c8ba1d1a2cec, type: 3}
      propertyPath: m_LocalPosition.y
      value: 0
      objectReference: {fileID: 0}
    - target: {fileID: 488160, guid: d9809c5e8418bb047bf2c8ba1d1a2cec, type: 3}
      propertyPath: m_LocalPosition.z
      value: 0
      objectReference: {fileID: 0}
    - target: {fileID: 488160, guid: d9809c5e8418bb047bf2c8ba1d1a2cec, type: 3}
      propertyPath: m_LocalRotation.w
      value: 1
      objectReference: {fileID: 0}
    - target: {fileID: 488160, guid: d9809c5e8418bb047bf2c8ba1d1a2cec, type: 3}
      propertyPath: m_LocalRotation.x
      value: -0
      objectReference: {fileID: 0}
    - target: {fileID: 488160, guid: d9809c5e8418bb047bf2c8ba1d1a2cec, type: 3}
      propertyPath: m_LocalRotation.y
      value: -0
      objectReference: {fileID: 0}
    - target: {fileID: 488160, guid: d9809c5e8418bb047bf2c8ba1d1a2cec, type: 3}
      propertyPath: m_LocalRotation.z
      value: -0
      objectReference: {fileID: 0}
    - target: {fileID: 488160, guid: d9809c5e8418bb047bf2c8ba1d1a2cec, type: 3}
      propertyPath: m_LocalEulerAnglesHint.x
      value: 0
      objectReference: {fileID: 0}
    - target: {fileID: 488160, guid: d9809c5e8418bb047bf2c8ba1d1a2cec, type: 3}
      propertyPath: m_LocalEulerAnglesHint.y
      value: 0
      objectReference: {fileID: 0}
    - target: {fileID: 488160, guid: d9809c5e8418bb047bf2c8ba1d1a2cec, type: 3}
      propertyPath: m_LocalEulerAnglesHint.z
      value: 0
      objectReference: {fileID: 0}
    - target: {fileID: 11479374, guid: d9809c5e8418bb047bf2c8ba1d1a2cec, type: 3}
      propertyPath: m_controller
      value: 32
      objectReference: {fileID: 0}
    - target: {fileID: 2114446122515498513, guid: d9809c5e8418bb047bf2c8ba1d1a2cec, type: 3}
      propertyPath: m_LocalRotation.z
      value: 0.7041405
      objectReference: {fileID: 0}
    - target: {fileID: 2114446122515498517, guid: d9809c5e8418bb047bf2c8ba1d1a2cec, type: 3}
      propertyPath: m_LocalRotation.w
      value: -0.45214626
      objectReference: {fileID: 0}
    - target: {fileID: 2114446122515498517, guid: d9809c5e8418bb047bf2c8ba1d1a2cec, type: 3}
      propertyPath: m_LocalRotation.x
      value: 0.5436577
      objectReference: {fileID: 0}
    - target: {fileID: 2114446122515498517, guid: d9809c5e8418bb047bf2c8ba1d1a2cec, type: 3}
      propertyPath: m_LocalRotation.y
      value: -0.54364884
      objectReference: {fileID: 0}
    - target: {fileID: 2114446122515498517, guid: d9809c5e8418bb047bf2c8ba1d1a2cec, type: 3}
      propertyPath: m_LocalRotation.z
      value: -0.45215714
      objectReference: {fileID: 0}
    - target: {fileID: 2774251407684675048, guid: d9809c5e8418bb047bf2c8ba1d1a2cec, type: 3}
      propertyPath: m_LocalRotation.w
      value: 0.5436577
      objectReference: {fileID: 0}
    - target: {fileID: 2774251407684675048, guid: d9809c5e8418bb047bf2c8ba1d1a2cec, type: 3}
      propertyPath: m_LocalRotation.x
      value: 0.45214626
      objectReference: {fileID: 0}
    - target: {fileID: 2774251407684675048, guid: d9809c5e8418bb047bf2c8ba1d1a2cec, type: 3}
      propertyPath: m_LocalRotation.y
      value: -0.45215714
      objectReference: {fileID: 0}
    - target: {fileID: 2774251407684675048, guid: d9809c5e8418bb047bf2c8ba1d1a2cec, type: 3}
      propertyPath: m_LocalRotation.z
      value: 0.54364884
      objectReference: {fileID: 0}
    - target: {fileID: 2774251407684675052, guid: d9809c5e8418bb047bf2c8ba1d1a2cec, type: 3}
      propertyPath: m_LocalRotation.w
      value: 0.7041405
      objectReference: {fileID: 0}
    - target: {fileID: 2774251407684675052, guid: d9809c5e8418bb047bf2c8ba1d1a2cec, type: 3}
      propertyPath: m_LocalRotation.x
      value: -0.06470143
      objectReference: {fileID: 0}
    - target: {fileID: 2774251407684675052, guid: d9809c5e8418bb047bf2c8ba1d1a2cec, type: 3}
      propertyPath: m_LocalRotation.z
      value: -0.06470141
      objectReference: {fileID: 0}
    - target: {fileID: 3092784099471453341, guid: d9809c5e8418bb047bf2c8ba1d1a2cec, type: 3}
      propertyPath: m_LocalRotation.x
      value: -0.000000013295001
      objectReference: {fileID: 0}
    - target: {fileID: 3092784099471453341, guid: d9809c5e8418bb047bf2c8ba1d1a2cec, type: 3}
      propertyPath: m_LocalRotation.y
      value: 0
      objectReference: {fileID: 0}
    - target: {fileID: 3092784099471453341, guid: d9809c5e8418bb047bf2c8ba1d1a2cec, type: 3}
      propertyPath: m_LocalRotation.z
      value: -0.0000000018992858
      objectReference: {fileID: 0}
    - target: {fileID: 4828818719732838804, guid: d9809c5e8418bb047bf2c8ba1d1a2cec, type: 3}
      propertyPath: m_LocalRotation.x
      value: -0.000000013295001
      objectReference: {fileID: 0}
    - target: {fileID: 4828818719732838804, guid: d9809c5e8418bb047bf2c8ba1d1a2cec, type: 3}
      propertyPath: m_LocalRotation.y
      value: 0
      objectReference: {fileID: 0}
    - target: {fileID: 4828818719732838804, guid: d9809c5e8418bb047bf2c8ba1d1a2cec, type: 3}
      propertyPath: m_LocalRotation.z
      value: 0.0000000037985717
      objectReference: {fileID: 0}
    - target: {fileID: 5342833014125283335, guid: d9809c5e8418bb047bf2c8ba1d1a2cec, type: 3}
      propertyPath: m_LocalRotation.w
      value: 0.9999999
      objectReference: {fileID: 0}
    - target: {fileID: 5342833014125283335, guid: d9809c5e8418bb047bf2c8ba1d1a2cec, type: 3}
      propertyPath: m_LocalRotation.x
      value: 0.000015465586
      objectReference: {fileID: 0}
    - target: {fileID: 5342833014125283335, guid: d9809c5e8418bb047bf2c8ba1d1a2cec, type: 3}
      propertyPath: m_LocalRotation.y
      value: 0.00008451773
      objectReference: {fileID: 0}
    - target: {fileID: 5342833014125283335, guid: d9809c5e8418bb047bf2c8ba1d1a2cec, type: 3}
      propertyPath: m_LocalRotation.z
      value: 0.0005570275
      objectReference: {fileID: 0}
    - target: {fileID: 6842672401467845017, guid: d9809c5e8418bb047bf2c8ba1d1a2cec, type: 3}
      propertyPath: m_LocalRotation.x
      value: -0.000000001901585
      objectReference: {fileID: 0}
    - target: {fileID: 6842672401467845017, guid: d9809c5e8418bb047bf2c8ba1d1a2cec, type: 3}
      propertyPath: m_LocalRotation.y
      value: 0.0000000057047544
      objectReference: {fileID: 0}
    - target: {fileID: 6842672401467845017, guid: d9809c5e8418bb047bf2c8ba1d1a2cec, type: 3}
      propertyPath: m_LocalRotation.z
      value: 0.00000000380317
      objectReference: {fileID: 0}
    - target: {fileID: 6871378272463734981, guid: d9809c5e8418bb047bf2c8ba1d1a2cec, type: 3}
      propertyPath: m_LocalRotation.w
      value: 0.99999684
      objectReference: {fileID: 0}
    - target: {fileID: 6871378272463734981, guid: d9809c5e8418bb047bf2c8ba1d1a2cec, type: 3}
      propertyPath: m_LocalRotation.x
      value: -0.002132043
      objectReference: {fileID: 0}
    - target: {fileID: 6871378272463734981, guid: d9809c5e8418bb047bf2c8ba1d1a2cec, type: 3}
      propertyPath: m_LocalRotation.y
      value: -0.000059342994
      objectReference: {fileID: 0}
    - target: {fileID: 6871378272463734981, guid: d9809c5e8418bb047bf2c8ba1d1a2cec, type: 3}
      propertyPath: m_LocalRotation.z
      value: 0.0013891249
      objectReference: {fileID: 0}
    - target: {fileID: 8099925678330418019, guid: d9809c5e8418bb047bf2c8ba1d1a2cec, type: 3}
      propertyPath: m_LocalRotation.w
      value: -0.43949628
      objectReference: {fileID: 0}
    - target: {fileID: 8099925678330418019, guid: d9809c5e8418bb047bf2c8ba1d1a2cec, type: 3}
      propertyPath: m_LocalRotation.x
      value: 0.4921589
      objectReference: {fileID: 0}
    m_RemovedComponents: []
    m_AddedGameObjects:
    - targetCorrespondingSourceObject: {fileID: 488160, guid: d9809c5e8418bb047bf2c8ba1d1a2cec, type: 3}
      insertIndex: -1
      addedObject: {fileID: 671064748}
  m_SourcePrefab: {fileID: 100100000, guid: d9809c5e8418bb047bf2c8ba1d1a2cec, type: 3}
--- !u!4 &3141560509351083104 stripped
Transform:
  m_CorrespondingSourceObject: {fileID: 488160, guid: d9809c5e8418bb047bf2c8ba1d1a2cec, type: 3}
  m_PrefabInstance: {fileID: 3141560509351022208}
  m_PrefabAsset: {fileID: 0}
